<record><leader>00000cas a22000007a 4500</leader><controlfield tag="001">17899798</controlfield><controlfield tag="008">880505d18981967ohuwr ne      0    0eng d</controlfield><datafield ind1=" " ind2=" " tag="010"><subfield code="a">sn 88078495 </subfield></datafield><datafield ind1=" " ind2=" " tag="040"><subfield code="a">ONP</subfield><subfield code="b">eng</subfield><subfield code="c">ONP</subfield><subfield code="d">OCLCQ</subfield></datafield><datafield ind1=" " ind2=" " tag="042"><subfield code="a">msc</subfield></datafield><datafield ind1="0" ind2="0" tag="245"><subfield code="a">Sandy Valley press.</subfield></datafield><datafield ind1=" " ind2=" " tag="260"><subfield code="a">Magnolia, Ohio :</subfield><subfield code="b">F.M. Carruthers,</subfield><subfield code="c">-1967.</subfield></datafield><datafield ind1=" " ind2=" " tag="300"><subfield code="a">v.</subfield></datafield><datafield ind1=" " ind2=" " tag="310"><subfield code="a">Weekly</subfield></datafield><datafield ind1="1" ind2=" " tag="362"><subfield code="a">Began in 1898.</subfield></datafield><datafield ind1="0" ind2=" " tag="362"><subfield code="a">-v. 69, no. 7 (Sept. 27, 1967).</subfield></datafield><datafield ind1=" " ind2=" " tag="500"><subfield code="a">Published in Magnolia, Ohio, 1898-&lt;1920&gt;, and: Waynesburg, Ohio &lt;1920&gt;-1967.</subfield></datafield><datafield ind1=" " ind2=" " tag="580"><subfield code="a">Merged with: East Canton news (East Canton, Ohio), and: Observer (North Industry, Ohio), to form: Press-news (East Canton, Ohio).</subfield></datafield><datafield ind1=" " ind2=" " tag="588"><subfield code="a">Description based on: Vol. 2, no. 3 (July 20, 1900).</subfield></datafield><datafield ind1=" " ind2=" " tag="752"><subfield code="a">United States</subfield><subfield code="b">Ohio</subfield><subfield code="c">Stark</subfield><subfield code="d">Magnolia.</subfield></datafield><datafield ind1=" " ind2=" " tag="752"><subfield code="a">United States</subfield><subfield code="b">Ohio</subfield><subfield code="c">Stark</subfield><subfield code="d">Waynesburg.</subfield></datafield><datafield ind1="1" ind2="7" tag="785"><subfield code="t">East Canton news (East Canton, Ohio)</subfield><subfield code="w">(DLC)sn 92063871</subfield></datafield><datafield ind1="1" ind2="7" tag="785"><subfield code="t">Observer (North Industry, Ohio)</subfield><subfield code="w">(DLC)sn 91069856</subfield></datafield><datafield ind1="1" ind2="7" tag="785"><subfield code="t">Press-news (East Canton, Ohio)</subfield><subfield code="w">(DLC)sn 88078494</subfield></datafield></record>